@article{something15,
       author={Someone},
       title={Some title},
       journal={Boring journal},
       volume={42},
       year = 2015,
       pages = {20-21}
     }
