@book{Lamport:1994,
    author = {Leslie Lamport},
    title = {{\LaTeX}: A Document Preparation System},
    publisher = {Adison Wesley},
    year = {1994}
}

@article{velaga2012improving,
  title={Improving the performance of a topological map-matching algorithm through error detection and correction},
  author={Velaga, Nagendra R and Quddus, Mohammed A and Bristow, Abigail L},
  journal={Journal of Intelligent Transportation Systems},
  volume={16},
  number={3},
  pages={147--158},
  year={2012},
  publisher={Taylor \& Francis}
}

@inproceedings{brubaker2013lost,
  title="Lost! leveraging the crowd for probabilistic visual self-localization",
  author="Brubaker, Marcus A and Geiger, Andreas and Urtasun, Raquel",
  booktitle="Computer Vision and Pattern Recognition (CVPR), 2013 IEEE Conference on",
  pages="3057--3064",
  year="2013",
  organization="IEEE"
}
